
@article{ramirez_intensificacion_2018,
	title = {Intensificación de la transferencia de calor en ebullición convectiva},
	volume = {15},
	rights = {Derechos de autor 2018 {AVANCES}: Investigación en Ingeniería},
	issn = {2619-6581},
	url = {https://revistas.unilibre.edu.co/index.php/avances/article/view/1327},
	doi = {10.18041/1794-4953/avances.1.1327},
	pages = {86--102},
	number = {1},
	journaltitle = {Avances Investigación en Ingeniería},
	author = {Ramírez, José Luís},
	urldate = {2022-03-04},
	date = {2018-12-25},
	langid = {spanish},
	note = {Number: 1},
	keywords = {Eficiencia energética, fenómenos convectivos, intensificación de transferencia de calor, intercambiadores de calor}
}