@image{nasa_estacion_seca_mexico_2021,
	title = {Una estación seca más intensa se apodera de México},
	year = {2021},
	url = {https://ciencia.nasa.gov/sequia-generalizada-en-mexico},
	author = {{National Aeronautics and Space Administration}},
	urldate = {2021-05-06}
}

@image{conagua_monitor_sequia_2020,
	title = {Monitor de Sequía de México al 31 de diciembre 2020},
	year = {2022},	
	url = {https://smn.conagua.gob.mx/es/climatologia/monitor-de-sequia/monitor-de-sequia-en-mexico},
	author = {{National Aeronautics and Space Administration}},
%	urldate = {2021-05-06}
}

%@image{tracking_sdg_7_screenshot_nodate,
%	title = {Results world wide {\textbar} Energy Efficiency 2018},
%	source = {SDG 7},
%	rights = {International Energy Agency (IEA) {\&} United Nations Statics Division (UNSD)},
%	url = {https://trackingsdg7.esmap.org/},
%	author = {Tracking {SDG} 7},
%	urldate = {2021-09-05}
%}